@article{Ivic2016,
    author = {Ivi{\'{c}}, Stefan},
    journal = {International Journal of Applied Engineering Research},
    keywords = {Abaqus,s-lay,sensitivity analysis},
    mendeley-groups = {Disserta{\c{c}}{\~{a}}o de mestrado,TCC},
    title = {{Sensitivity analysis of S-lay pipe-laying configuration}},
    year = {2016}
}

@inproceedings{VandenAbeele2013,
    author = {{Van den Abeele}, F. and Bo{\"{e}}l, F. and Hill, M.},
    booktitle = {Proceedings of the 32rd International Conference on Ocean, Offshore and Arctic Engineering. Volume 7: CFD and VIV},
    doi = {10.1115/OMAE2013-10625},
    isbn = {978-0-7918-5541-6},
    mendeley-groups = {Relat{\'{o}}rio Integrispan},
    title = {{Fatigue Analysis of Free Spanning Pipelines Subjected to Vortex Induced Vibrations}},
    year = {2013}
}

@book{Montgomery2012,
    archivePrefix = {arXiv},
    arxivId = {arXiv:1011.1669v3},
    author = {Montgomery, Douglas},
    booktitle = {Design and Analysis of Experiments},
    doi = {10.1198/tech.2006.s372},
    edition = {Eighth},
    eprint = {arXiv:1011.1669v3},
    isbn = {0471316490},
    issn = {00401706},
    pages = {752},
    pmid = {3052115},
    publisher = {Wiley},
    title = {{Guidelines for Designing Experiments}},
    year = {2012}
}
